%% LaTeX2e file `a01403753_A4.bib'
%% generated by the `filecontents' environment
%% from source `a01403753_A4' on 2018/12/13.
%%



@book{munzner2015visualization,
  added-at = {2017-10-07T07:41:41.000+0200},
  author = {Munzner, T.},
  biburl = {https://www.bibsonomy.org/bibtex/29643da4f95f0ec7783796c8120323731/dirk-rathje},
  description = {Visualization Analysis and Design - Tamara Munzner - Google Books},
  interhash = {d54fe9741669e61b48797b1442bc3bc1},
  intrahash = {9643da4f95f0ec7783796c8120323731},
  isbn = {9781498759717},
  keywords = {safaribooks visualization},
  publisher = {CRC Press},
  series = {AK Peters Visualization Series},
  timestamp = {2017-10-07T07:41:41.000+0200},
  title = {Visualization Analysis and Design},
  url = {https://books.google.de/books?id=NfkYCwAAQBAJ},
  year = 2015
}

@online{slides,
  author = {Slides},
  title = {VIS},
  year = 2018,
  url = {http://vda.univie.ac.at/Teaching/Vis/18w/a4.html},
  urldate = {2018-12-12}
}

